
@misc{stixScientificAmericanArticle1991,
  title = {Scientific {{American Article}} | {{Huffman Coding}}},
  language = {en-US},
  howpublished = {\url{https://www.huffmancoding.com/my-uncle/scientific-american}},
  author = {Stix, Gary},
  year = {1991},
  file = {/Users/danisnowman/Zotero/storage/5S2RCEGB/scientific-american.html}
}

@book{instituteofelectricalandelectronicsengineers20164thInternational2016,
  title = {2016 4th {{International Conference}} on {{Information}} and {{Communication Technology}} ({{ICoICT}}).},
  language = {English},
  note = {\url{http://ieeexplore.ieee.org/servlet/opac?punumber=7565234}},
  author = {{Institute of Electrical and Electronics Engineers}},
  year = {2016},
  annote = {OCLC: 962890622}
}

@misc{freesoftwarefundationGNUGzip2008,
  title = {{{GNU Gzip}}},
  howpublished = {\url{https://www.gnu.org/software/gzip/manual/gzip.html\#index-options-4}},
  author = {Free Software Fundation},
  month = nov,
  year = {2008},
  file = {/Users/danisnowman/Zotero/storage/SQUNH3KG/gzip.html}
}

@misc{libpngPNGSpecificationDeflate,
  title = {{{PNG Specification}}: {{Deflate}}/{{Inflate Compression}}},
  howpublished = {\url{http://www.libpng.org/pub/png/spec/1.2/PNG-Compression.html}},
  author = {{libpng}},
  file = {/Users/danisnowman/Zotero/storage/TVK5H8LY/PNG-Compression.html}
}

@misc{MP3TechOverview,
  title = {{{MP3}}' {{Tech}} - {{Overview}} of the {{MP3}} Techniques},
  howpublished = {\url{http://www.mp3-tech.org/tech.html\#huffman}},
  file = {/Users/danisnowman/Zotero/storage/3ZA92RDC/tech.html}
}

@article{forsytheAlgorithms1964,
  title = {Algorithms},
  volume = {7},
  issn = {00010782},
  doi = {10.1145/512274.512284},
  number = {6},
  journal = {Communications of the ACM},
  note = {\url{http://portal.acm.org/citation.cfm?doid=512274.512284}},
  author = {Forsythe, G. E.},
  month = jun,
  year = {1964}
}

@book{symposiumonfoundationsofcomputerscience30thAnnualSymposium1989,
  address = {Los Alamitos, Calif.},
  title = {30th {{Annual Symposium}} on {{Foundations}} of {{Computer Science}} , {{October}} 30 - {{November}} 1, 1989, {{Research Triangle Park}}, {{NC}}},
  isbn = {978-0-8186-1982-3},
  language = {eng},
  publisher = {{IEEE Computer Soc. Press}},
  editor = {{Symposium on Foundations of Computer Science} and IEEE Computer Society},
  year = {1989},
  note = {OCLC: 20949758}
}

@misc{fengPinporelmundoSkipLists2011,
  title = {Pinporelmundo: {{Skip Lists}} Compared with {{Treaps}} and {{Red}}-{{Black Trees}}},
  howpublished = {\url{https://pinporelmundo.blogspot.com/2011/06/skip-lists-compared-with-treaps-and-red.html}},
  author = {Feng, Pin-Sho},
  month = jun,
  year = {2011},
  file = {/Users/danisnowman/Zotero/storage/LUP7KZTB/skip-lists-compared-with-treaps-and-red.html}
}

@book{cormenIntroductionAlgorithms2001,
  address = {Cambridge, Mass},
  edition = {2nd ed},
  title = {Introduction to Algorithms},
  isbn = {978-0-262-03293-3},
  lccn = {QA76.6 .I5858 2001},
  publisher = {{MIT Press}},
  editor = {Cormen, Thomas H. and Cormen, Thomas H.},
  year = {2001},
  keywords = {Computer algorithms,Computer programming}
}

@misc{sunImplementationEpoll2014,
  title = {The {{Implementation}} of Epoll (1)},
  abstract = {In this series of blog posts, I will be taking notes about the internals and implementation details of the Linux event poll (epoll) subsystem. Prerequisites Please note that I am assuming the audiences of those articles are familiar with epoll APIs and usages. I will be focusing on the actual},
  journal = {Datong's Random Thoughts},
  howpublished = {\url{https://idndx.com/2014/09/01/the-implementation-of-epoll-1/}},
  author = {Sun, Datong},
  month = sep,
  year = {2014},
  file = {/Users/danisnowman/Zotero/storage/9JFYZFJU/the-implementation-of-epoll-1.html}
}

@misc{tytsoAddExt3Indexed2002,
  title = {Add Ext3 Indexed Directory (Htree) Support [{{LWN}}.Net]},
  howpublished = {\url{https://lwn.net/Articles/11481/}},
  author = {, tytso},
  month = oct,
  year = {2002},
  file = {/Users/danisnowman/Zotero/storage/3WEWKNNE/11481.html}
}


