
@misc{ShortestPathAlgorithms,
  title = {Shortest {{Path Algorithms Tutorials}} \& {{Notes}} | {{Algorithms}}},
  abstract = {Detailed tutorial on Shortest Path Algorithms to improve your understanding of Algorithms. Also try practice problems to test \& improve your skill level.},
  language = {en},
  journal = {HackerEarth},
  howpublished = {\url{https://www.hackerearth.com/practice/algorithms/graphs/shortest-path-algorithms/tutorial/}},
  file = {/Users/danisnowman/Zotero/storage/VHLJPGJN/tutorial.html}
}

@misc{ShortestPathDirected2013,
  title = {Shortest {{Path}} in {{Directed Acyclic Graph}}},
  abstract = {Given a Weighted Directed Acyclic Graph and a source vertex in the graph, find the shortest paths from given source to all other vertices. Recommended:\ldots{} Read More \guillemotright{}},
  language = {en-US},
  journal = {GeeksforGeeks},
  howpublished = {\url{https://www.geeksforgeeks.org/shortest-path-for-directed-acyclic-graphs/}},
  month = may,
  year = {2013},
  file = {/Users/danisnowman/Zotero/storage/GZV6KSEP/shortest-path-for-directed-acyclic-graphs.html}
}


